@book{carroll,
  author = {Lewis Carroll},
  title = {Alice's Adventures in Wonderland and Through the Looking-Glass},
  publisher = {Penguin Classics},
  date = {1998}
}

@book{coxeterRevisited,
  author = {H. S. M. Coxeter and S. L. Greitzer},
  title = {Geometry Revisited},
  publisher = {Random House},
  date = {1967}
}

@book{coxeterIntro,
  author = {H. S. M. Coxeter},
  title = {Introduction to Geometry},
  publisher = {John Wiley \& Sons},
  date = {1961}
}

@book{lee,
  author = {John M. Lee},
  title = {Axiomatic Geometry},
  publisher = {American Mathematical Society},
  date = {2017}
}

@book{hartshorne,
  author = {Robin Hartshorne},
  title = {Geometry: Euclid and Beyond},
  publisher = {Springer},
  date = {2000}
}

@book{challenging,
  author = {Alfred S. Posamentier and Charles T. Salkind},
  title = {Challenging Problems in Geometry},
  publisher = {Dover Publications},
  year = {2017}
}

@book{berger,
  author = {Marcel Berger},
  title = {Geometry I \& II},
  publisher = {Springer-Verlag},
  date = {1987}
}

@book{lang,
  author = {Serge Lang and Gene Murrow},
  title = {Geometry: A High School Course},
  publisher = {Springer-Verlag},
  date = {1983}
}

@book{lands,
  author = {Lynn Loomis and Shlomo Sternberg},
  title = {Advanced Calculus},
  publisher = {World Scientific},
  date = {2014}
}

@book{artin,
  author = {Michael Artin},
  title = {Algebra},
  publisher = {Prentice Hall},
  date = {1991}
}

@book{sved,
  author = {Marta Sved},
  title = {Journey into Geometries},
  publisher = {The Mathematical Association of America},
  date = {1991}
}

@book{kline,
  author = {Morris Kline},
  title = {Mathematics for the Nonmathematician},
  publisher = {Dover Publications},
  date = {1985}
}

@book{myTrig,
  author = {Alex Elzenaar},
  title = {Level Three Trigonometry},
  date = {2018}
}

@book{pythag,
  author = {Elisha S. Loomis},
  title = {The Pythagorean Proposition},
  publisher = {Ohio Mohler Print. Co.},
  date = {1927}
}

@book{ovid,
  author = {Ovid},
  translator = {A. D. Melville},
  title = {Metamorphoses},
  publisher = {Oxford University Press},
  date = {2008}
}

@book{euclid,
  author = {Euclid},
  editor = {Oliver Byrne and Werner Oechslin and  Petra Lamers-SchuÌˆtze},
  title = {The first six books of the Elements of Euclid, in which coloured diagrams and symbols are used instead of letters for the greater ease of learners},
  publisher = {Taschen},
  date = {2010}
}

@book{birkhoff,
  author = {George Birkhoff and Ralph Beatley},
  title = {Basic Geometry},
  publisher = {Chelsea Publishing Co.},
  edition = {3},
  date = {1959}
}

@book{foerster,
  author = {Paul A. Foerster},
  title = {Trigonometry},
  edition = {2},
  publisher = {Addison-Wesley},
  year = {1977}
}

@book{kutepov,
  author = {A. Kutepov and A. Rubanov},
  title = {Problems in Geometry},
  publisher = {Mir Publishers, Moscow},
  trans = {Oleg Meshkov},
  editor = {Leonid Levant},
  date = {1978}
}

@book{sawyerPrelude,
  author = {W. W. Sawyer},
  title = {Prelude to Mathematics},
  publisher = {Dover Publications},
  date = {1982}
}

@book{escher,
  author = {M. C. Escher},
  title = {The Graphic Work},
  publisher = {Taschen},
  date = {2006}
}
