@book{Art91,
  author = "Michael Artin",
  title = "Algebra",
  year = "1991",
  edition = "First Edition",
  publisher = "Pearson"
}

@book{Cox08,
  author = "David A. Cox",
  title = "Galois Theory",
  year = "2004",
  publisher = "Wiley"
}

@book{CW76,
  author = "David Crowdis and Brandon Wheeler",
  title = "Precalculus Mathematics",
  year = "1976",
  publisher = "Glencoe Press"
}

@book{Ste15,
  author = "Ian Stewart",
  title = "Galois Theory",
  year = "2015",
  edition = "Fourth Edition",
  publisher = "CRC Press"
}

@book{Ste08,
  author = "Ian Stewart",
  title = "Taming the Infinite",
  year = "2008",
  publisher = "Quercus Publishing"
}

@book{Edw84,
  author = "Harold M. Edwards",
  title = "Galois Theory",
  year = "1984",
  publisher = "Springer-Verlag"
}

@book{Kap11,
  author = "A. K. Kapoor",
  title = "Complex Variables: Principles and Problem Sessions",
  year = "2011",
  publisher = "World Scientific Publishing"
}

@book{FS65,
  author = "D. K. Faddeev and I. S. Sominskii",
  title = "Problems in Higher Algebra",
  year = "1965",
  publisher = "W. H. Freeman and Company",
  translator = "J. L. Brenner"
}

@book{Dud08,
  author = "Underwood Dudley",
  title = "Elementary Number Theory",
  year = "2008",
  edition = "Second Edition",
  publisher = "Dover Publications"
}

@book{Fis90,
  author = "Stephen D. Fisher",
  title = "Complex Variables",
  year = "1990",
  edition = "Second Edition",
  publisher = "Dover Books"
}

@book{Ber94,
  author = "Marcel Berger",
  title = "Geometry I",
  year = "1994",
  edition = "Corrected Second Printing",
  translator = "M. Cole and S. Levy",
  publisher = "Springer-Verlag"
}

