@book{Art91,
  author = "Michael Artin",
  title = "Algebra",
  year = "1991",
  edition = "First Edition",
  publisher = "Pearson"
}

@book{Cox08,
  author = "David A. Cox",
  title = "Galois Theory",
  year = "2004",
  publisher = "Wiley"
}

@book{CW76,
  author = "David Crowdis and Brandon Wheeler",
  title = "Precalculus Mathematics",
  year = "1976",
  publisher = "Glencoe Press"
}

@book{Ste15,
  author = "Ian Stewart",
  title = "Galois Theory",
  year = "2015",
  edition = "Fourth Edition",
  publisher = "CRC Press"
}

@book{Ste08,
  author = "Ian Stewart",
  title = "Taming the Infinite",
  year = "2008",
  publisher = "Quercus Publishing"
}

@book{Edw84,
  author = "Harold M. Edwards",
  title = "Galois Theory",
  year = "1984",
  publisher = "Springer-Verlag"
}

@book{Kap11,
  author = "A. K. Kapoor",
  title = "Complex Variables: Principles and Problem Sessions",
  year = "2011",
  publisher = "World Scientific Publishing"
}

@book{FS65,
  author = "D. K. Faddeev and I. S. Sominskii",
  title = "Problems in Higher Algebra",
  year = "1965",
  publisher = "W. H. Freeman and Company",
  translator = "J. L. Brenner"
}

@book{Dud08,
  author = "Underwood Dudley",
  title = "Elementary Number Theory",
  year = "2008",
  edition = "Second Edition",
  publisher = "Dover Publications"
}

@book{Gal16,
  author = "Joseph Gallian",
  title = "Contemporary Abstract Algebra",
  year = "2016",
  edition = "Ninth Edition",
  publisher = "Brooks Cole"
}

@misc{Kes09,
  author = "Andre Kessler",
  title = "Lecture Notes on Complex Numbers",
  month = "4",
  year = "2009",
  url = "http://web.mit.edu/~akessler/www/lectures/complex.pdf"
}

@misc{Che07,
  author = {Cheltenham High School},
  title = "Lecture Notes on Complex Numbers",
  month = "10",
  year = "2007",
  url = "http://web2.cheltenham-h.schools.nsw.edu.au/moodle/pluginfile.php/553/mod_forum/attachment/283/Complex\%20Numbers.pdf"
}

@misc{NZQAL3,
  author = {New Zealand Qualifications Authority},
  title = "Apply the algebra of complex numbers in solving problems",
  year = "2013-6"
}

@misc{NZQASch,
  author = {New Zealand Qualifications Authority},
  title = "New Zealand Scholarship Calculus",
  year = "2004-6"
}

@misc{Cam-15,
  author = {The University of Cambridge},
  title = "STEP Examination",
  year = "2015"
}

